@MISC {375416,
    TITLE = {Is the output of a variational autoencoder meant to be a distribution that can be sampled, or a sample directly?},
    AUTHOR = {learner (https://stats.stackexchange.com/users/166437/learner)},
    HOWPUBLISHED = {Cross Validated},
    NOTE = {URL:https://stats.stackexchange.com/q/375416 (version: 2018-11-05)},
    EPRINT = {https://stats.stackexchange.com/q/375416},
    URL = {https://stats.stackexchange.com/q/375416}
}